%bibtex entries 

@Book{kn:ETTT,
 author       = "Alessandro Bassi, Martin Bauer, Martin Fiedler, Thorsten Kramp, Rob van Kranenburg, Sebastian Lange, Stefan Meissner",
 title        = "Enabling things to talk: Designing IoT solutions with the IoT Architectural Reference Model",
 publisher = "Springer-Verlag Berlin Heidelberg",
 edition   = "First",
 year      = 2005,
 isbn      = "978-3-642-40403-0",
 pages	   = "7"
}

@Misc{kn:Cisco01,
 author       = "Cisco",
 title        = "Internet of Things",
 howpublished = "Available: \url{http://share.cisco.com/internet-of-things.html}"
}

@Misc{kn:OxEcon01,
 author       = "Oxford Economics",
 title        = "Global Industry Databank",
 howpublished = "Available in \url{http://www.oxfordeconomics.com/forecasts-and-models/industries/data-and-forecasts/global-industry-databank/overview}. Last accessed in October 2017"
}

@Article{kn:Acce01,
 author 	  = "Accenture Technology",
 organization = "Accenture Technology",
 title        = "Driving Unconventional Growth through the Industrial Internet of Things", 
 journal      = "Accenture Technology",
 pages        = "4",
 year         = 2015
}

@Misc{kn:Gua01,
 author       = "The Guardian",
 title        = "Raspberry Pi becomes best selling British computer",
 howpublished = "Available in \url{https://www.theguardian.com/technology/2015/feb/18/raspberry-pi-becomes-best-selling-british-computer}. Last accessed in October 2017"
}

@Misc{kn:IoTIN01,
 author       = "IoT India Magazine",
 title        = "What is Raspberry pi and why is it important for IoT",
 howpublished = "Available in \url{http://iotindiamag.com/2016/07/raspberry-pie-important-iot/}. Last accessed in October 2017"
}

@misc{wiki:01,
   author 	  = "Wikipedia",
   title 	  = "Raspberry Pi --- {W}ikipedia{,} The Free Encyclopedia",
   year 	  = "2016",
   url		  = "https://en.wikipedia.org/wiki/Raspberry_Pi",
   note 	  = "[Online; accessed 26-October-2017]"
}

@Article{kn:MSPC12,
 author       = "Daniele Miorandi, Sabrina Sicari, Francesco De Pellegrini, and Imrich Chlamtac",
 title        = "Internet of things: Vision, applications and research challenges",
 journal      = "Ad Hoc Networks", 
 volume       = 10,
 number       = 7,
 pages        = "1497–1516",
 year         = 2012
}

@mastersthesis{kn:Card17,
  title		="IM2HoT: Interactive Machine Learning to Improve the House of Things",
  author	="João Cardoso",
  year		="2017",
  school	="Faculdade de Engenharia da Universidade do Porto"
}

@Misc{kn:MR16,
 author       = "Mike Roberts",
 title        = "Internet of Things",
 year         = "2016",
 howpublished = "Available in \url{https://martinfowler.com/articles/serverless.html}",
 note = "[Online; accessed 8-November-2017]"
}

@Article{kn:Dehos2014,
author  = "Dehos, Cedric and Gonzalez, Jose Luis and {De Domenico}, Antonio and Ktenas, Dimitri and Dussopt, Laurent",
title   = "Millimeter-wave access and backhauling: the solution to the exponential data traffic increase in 5G mobile communications systems?",
journal = "IEEE Communications Magazine",
month   = "September",
number  = "9",
pages   = "88--95",
volume  = "52",
year    = "2014",
doi     = "10.1109/MCOM.2014.6894457",
issn    = "0163-6804",
url     = "http://ieeexplore.ieee.org/document/6894457/"
}

@Phdthesis{kn:Baresi2017,
author = "Baresi, Luciano and {Filgueira Mendon{\c{c}}a}, Danilo and Garriga, Martin",
doi = "10.1007/978-3-319-67262-5_15",
keywords = "Serverless architectures {\textperiodcentered} Edge computing {\textperiodcentered} Mobile",
pages = "196--210",
school = "Politecnico di Milano",
title = "Empowering Low-Latency Applications Through a Serverless Edge Computing Architecture",
url = "http://link.springer.com/10.1007/978-3-319-67262-5{\_}15",
year = "2017"
}

@misc{kn:Janakiraman2016,
author = {Janakiraman, Badri and Martinfowler.com},
title = {{Serverless - imported from https://martinfowler.com/bliki/Serverless.html}},
url = {https://martinfowler.com/bliki/Serverless.html},
year = {2016}
}

@misc{kn:Baldini,
abstract = {Serverless computing has emerged as a new compelling paradigm for the deployment of applications and services. It represents an evolution of cloud pro-gramming models, abstractions, and platforms, and is a testament to the maturity and wide adoption of cloud technologies. In this chapter, we survey existing server-less platforms from industry, academia, and open source projects, identify key char-acteristics and use cases, and describe technical challenges and open problems.},
author = {Baldini, Ioana and Castro, Paul and Chang, Kerry and Cheng, Perry and Fink, Stephen and Ishakian, Vatche and Mitchell, Nick and Muthusamy, Vinod and Rabbah, Rodric and Slominski, Aleksander and Suter, Philippe},
file = {:home/duarte/Documentos/1706.03178.pdf:pdf},
institution = {Cornell University},
publisher = {Cornell University},
title = {{Serverless Computing: Current Trends and Open Problems}},
url = {https://arxiv.org/abs/1706.03178},
year = {2017}
}

@misc{kn:Microsoft,
author = {Microsoft},
title = {{Supported languages in Azure Functions | Microsoft Docs}},
url = {https://docs.microsoft.com/en-us/azure/azure-functions/supported-languages},
urldate = {2018-01-10}
}

@misc{kn:ASF,
author = {{Apache Software Foundation}},
title = {{Apache OpenWhisk is a serverless, open source cloud platform}},
url = {https://openwhisk.incubator.apache.org/},
urldate = {2018-01-11}
}

@unpublished{kn:Hendrickson,
abstract = {We present OpenLambda, a new, open-source platform for building next-generation web services and applica-tions in the burgeoning model of serverless computation. We describe the key aspects of serverless computation, and present numerous research challenges that must be addressed in the design and implementation of such sys-tems. We also include a brief study of current web appli-cations, so as to better motivate some aspects of server-less application construction.},
author = {Hendrickson, Scott and Sturdevant, Stephen and Harter, Tyler and Venkataramani, Venkateshwaran and Arpaci-Dusseau, Andrea C and Arpaci-Dusseau, Remzi H},
file = {:home/duarte/.local/share/data/Mendeley Ltd./Mendeley Desktop/Downloaded/Hendrickson et al. - Unknown - Serverless Computation with OpenLambda.pdf:pdf},
institution = {University of Wisconsin, Madison},
title = {{Serverless Computation with OpenLambda}},
url = {https://www.usenix.org/system/files/conference/hotcloud16/hotcloud16{\_}hendrickson.pdf}
}


@article{kn:Iorga2017,
abstract = {Authority 60 This publication has been developed by NIST in accordance with its statutory responsibilities 61 under the Federal Information Security Modernization Act (FISMA) of 2014, 44 U.S.C. 3551 et 62 seq., Public Law (P.L.) 113-283. NIST is responsible for developing information security 63 standards and guidelines, including minimum requirements for federal information systems, but 64 such standards and guidelines shall not apply to national security systems without the express 65 approval of appropriate federal officials exercising policy authority over such systems. This 66 guideline is consistent with the requirements of the Office of Management and Budget (OMB) 67 Circular A-130.},
author = {Iorga, Michaela and Feldman, Larry and Barton, Robert and Martin, Michael J and Goren, Nedim and Mahmoudi, Charif},
file = {:home/duarte/.local/share/data/Mendeley Ltd./Mendeley Desktop/Downloaded/Iorga et al. - 2017 - Draft SP 800-191, The NIST Definition of Fog Computing.pdf:pdf},
journal = {NIST Special Publication},
mendeley-groups = {PDIS},
title = {{Draft SP 800-191, The NIST Definition of Fog Computing}},
url = {https://csrc.nist.gov/csrc/media/publications/sp/800-191/draft/documents/sp800-191-draft.pdf},
volume = {800},
year = {2017}
}




@inproceedings{kn:Bonomi,
 author = {Bonomi, Flavio and Milito, Rodolfo and Zhu, Jiang and Addepalli, Sateesh},
 title = {Fog Computing and Its Role in the Internet of Things},
 booktitle = {Proceedings of the First Edition of the MCC Workshop on Mobile Cloud Computing},
 series = {MCC '12},
 year = {2012},
 isbn = {978-1-4503-1519-7},
 location = {Helsinki, Finland},
 pages = {13--16},
 numpages = {4},
 url = {http://doi.acm.org/10.1145/2342509.2342513},
 doi = {10.1145/2342509.2342513},
 acmid = {2342513},
 publisher = {ACM},
 address = {New York, NY, USA},
 keywords = {analytics, cloud computing, fog computing, iot, real time systems, software defined networks, wsan},
} 



@misc{kn:Kutscher,
author = {Kutscher, Dirk and Schooler, Eve},
file = {:home/duarte/Dropbox/Universidade/5{\textordmasculine} ano/PDIS/2012 - Internet of things Vision, applications and research challenges - Miorandi et al.pdf:pdf},
mendeley-groups = {PDIS},
publisher = {@ IETF-98},
title = {{IoT Edge Computing Discussion}}
}


@misc{kn:techexp,
mendeley-groups = {PDIS},
title = {{Fog computing' could be more important than the cloud}},
url = {https://www.techiexpert.com/fog-computing-important-cloud/},
urldate = {2018-01-23}
}


@misc{kn:techtarget,
mendeley-groups = {PDIS},
title = {{Prepare for serverless technology with these five tips}},
url = {http://searchcloudcomputing.techtarget.com/feature/Prepare-for-serverless-technology-with-these-five-tips},
urldate = {2018-02-01}
}

@techreport{kn:MarketsandMarkets,
author = {MarketsandMarkets},
mendeley-groups = {PDIS},
title = {{No TitleFunction-as-a-Service Market by User Type (Developer-Centric and Operator-Centric), Application (Web {\&} Mobile Based, Research {\&} Academic), Service Type, Deployment Model, Organization Size, Industry Vertical, and Region - Global Forecast to 2021}},
url = {https://www.researchandmarkets.com/research/nfq5pr/functionasaserv}
}

@techreport{kn:Lucero2016,
author = {Lucero, Sam},
file = {:home/duarte/.local/share/data/Mendeley Ltd./Mendeley Desktop/Downloaded/Lucero - 2016 - IoT platforms enabling the Internet of Things.pdf:pdf},
institution = {IHS Tecnology},
mendeley-groups = {PDIS},
title = {{IoT platforms: enabling the Internet of Things}},
url = {https://cdn.ihs.com/www/pdf/enabling-IOT.pdf},
year = {2016}
}

@misc{kn:trends,
mendeley-groups = {PDIS},
title = {{Google Trends - serverless}},
url = {https://trends.google.com/trends/explore?date=2014-01-01 2018-02-01{\&}q=serverless},
urldate = {2018-02-01}
}

@misc{kn:Serverle74,
author = {},
title = {Serverless - The Serverless Application Framework powered by AWS Lambda, API Gateway, and more},
howpublished = {\url{https://serverless.com/}},
month = {},
year = {},
note = {(Accessed on 02/04/2018)}
}

@misc{kn:WhyServe22,
author = {},
title = {Why Serverless, Inc is crushing it right now – James Governor's Monkchips},
howpublished = {\url{http://redmonk.com/jgovernor/2017/07/05/why-serverless-inc-is-crushing-it-right-now/}},
month = {},
year = {},
note = {(Accessed on 02/04/2018)}
}

@misc{kn:openfaas24,
author = {},
title = {openfaas/faas: OpenFaaS - Serverless Functions Made Simple for Docker \& Kubernetes},
howpublished = {\url{https://github.com/openfaas/faas}},
month = {},
year = {},
note = {(Accessed on 02/04/2018)}
}

@misc{kn:AWSreInv35,
mendeley-groups = {PDIS},
title = {{AWS re:Invent 2016 Detailed Look at Amazon Greengrass}},
url = {https://medium.com/@Cloudwith.me/aws-re-invent-2016-detailed-look-at-amazon-greengrass-c6a135bb9451},
urldate = {2018-02-08}
}

@misc{kn:AboutEdg85,
author = {},
title = {About - EdgeX Foundry},
howpublished = {\url{https://www.edgexfoundry.org/about/}},
month = {},
year = {},
note = {(Accessed on 02/09/2018)}
}

@misc{kn:EdgeXFou17,
author = {},
title = {EdgeX Foundry is the solution the IoT world desperately needs | InfoWorld},
howpublished = {\url{https://www.infoworld.com/article/3192862/internet-of-things/edgex-foundry-is-the-solution-iot-world-desperately-needs.html}},
month = {},
year = {},
note = {(Accessed on 02/09/2018)}
}

@misc{kn:Weng2018,
abstract = {The multi-armed bandit problem is a class example to demonstrate the exploration versus exploitation dilemma. This post introduces the bandit problem and how to solve it using different exploration strategies. The algorithms are implemented for Bernoulli bandit in lilianweng/multi-armed-bandit.},
archivePrefix = {arXiv},
arxivId = {1707.02038},
author = {Weng, Lilian},
eprint = {1707.02038},
file = {:home/duarte/.local/share/data/Mendeley Ltd./Mendeley Desktop/Downloaded/Weng - 2018 - The Multi-Armed Bandit Problem and Its Solutions.pdf:pdf},
month = {jan},
title = {{The Multi-Armed Bandit Problem and Its Solutions}},
url = {https://lilianweng.github.io/lil-log/2018/01/23/the-multi-armed-bandit-problem-and-its-solutions.html},
urldate = {2018-06-10},
year = {2018}
}

@misc{kn:Silver,
author = {Silver, David},
title = {{Lecture 9: Exploration and Exploitation}},
url = {http://www0.cs.ucl.ac.uk/staff/d.silver/web/Teaching{\_}files/XX.pdf}
}

@misc{kn:Xplenty2017,
author = {Xplenty},
title = {{The SQL vs NoSQL Difference: MySQL vs MongoDB – Xplenty Blog – Medium}},
url = {https://medium.com/xplenty-blog/the-sql-vs-nosql-difference-mysql-vs-mongodb-32c9980e67b2},
urldate = {2018-06-13},
year = {2017}
}


@misc{Ellis,
author = {Ellis, Alex},
title = {{OpenFaaS with MongoDB}},
url = {https://github.com/alexellis/mongodb-function},
urldate = {2018-06-13}
}


@techreport{kn:Lee,
    author = {Lee, Hyungro and Satyam, Kumar and Fox, Geoffrey C},
    file = {:home/duarte/.local/share/data/Mendeley Ltd./Mendeley Desktop/Downloaded/Lee, Satyam, Fox - Unknown - Evaluation of Production Serverless Computing Environments.pdf:pdf},
    keywords = {Amazon Lambda,Event-driven Computing,FaaS,Google Functions,IBM OpenWhisk,Microsoft Azure Functions,Serverless},
    mendeley-groups = {PDIS},
    title = {{Evaluation of Production Serverless Computing Environments}},
    url = {http://dsc.soic.indiana.edu/publications/Evaluation{\_}of{\_}Production{\_}Serverless{\_}Computing{\_}Environments.pdf}
}
